@book{bibunsyo,
    title = {{\LaTeXe}美文書作成入門},
    isbn = {9784774187051},
    year = {2017},
    publisher = {技術評論社},
    author = {黒木裕介, 奥村晴彦}
}

@book{明松真司2022-07-14,
    title={1週間でLaTeXの基礎が学べる本},
    author={明松真司},
    publisher={インプレス},
    year={2022},
    isbn={978-4295013884},
    isbn10={4295013889}
}