@online{tug,
    author = {TeX Users Group},
    url = {https://tug.org},
    urldate = {2020-07-31}
}